1967 3102
949 181 973 218 2

326 306 563 355 Priusquam
607 310 737 346 autem
781 307 959 347 Alberici
998 320 1120 358 opera
1156 310 1208 348 ad
1246 309 1376 349 fontes
1414 310 1578 349 reducta
1611 322 1705 360 pro-

219 382 428 420 ponamus,
482 382 568 419 quo
626 373 755 411 modo
818 376 969 412 textum
1033 385 1165 413 eorum
1221 375 1513 414 consarcinarit
1567 375 1706 424 paucis

219 436 472 475 disseramus.
555 436 680 476 Liber
734 437 1080 487 Mythographi
1128 439 1355 479 Vaticani
1402 439 1540 479 tertii
1587 440 1706 488 plane

219 500 380 539 diversa
432 512 457 539 a
513 500 641 549 primo
692 504 731 539 et
790 502 960 541 secundo
1017 502 1173 542 ratione
1220 503 1460 552 compositus
1507 506 1581 542 est:
1638 503 1702 542 illi

219 565 381 604 deorum
420 564 697 613 hominumque
737 565 895 605 fabulas
935 566 1173 615 singillatim
1222 571 1439 617 exponunt;
1487 567 1552 606 hic
1589 579 1704 617 prae-

217 629 423 679 cipuorum
478 633 632 669 tantum
682 631 842 670 deorum
890 643 937 670 ac
985 632 1249 672 semideorum
1305 633 1462 672 fabulas
1518 632 1702 672 continuo

219 694 313 733 stilo
348 694 578 742 exsequitur
615 706 741 743 neque
771 707 791 733 e
820 695 1008 734 brevibus
1040 697 1350 746 narrationibus,
1390 697 1458 735 sed
1487 696 1704 745 peramplis

220 759 465 798 tractatibus
495 763 662 799 constat.
699 783 750 787 -
784 760 872 799 Hoc
899 760 1027 799 maius
1058 772 1156 809 opus
1186 761 1407 810 Albericus,
1437 765 1481 800 ut
1510 761 1704 809 quondam

219 823 351 862 Varro
395 823 583 874 solebat,
610 824 651 862 in
691 824 887 872 epitomen
921 824 1105 873 exiguam
1153 826 1234 874 „de
1265 826 1451 864 deorum
1481 825 1703 874 imagini-

225 888 308 927 bus
350 887 598 927 libellum“
645 888 787 937 coegit.
847 911 895 915 ——
954 888 1105 938 Quibus
1141 889 1260 929 dictis
1304 893 1449 937 quanto
1495 889 1703 929 difficilius

228 952 358 990 fontes
397 952 575 991 Alberici
619 964 778 1000 operum
828 964 944 999 quam
985 954 1267 1002 mythographi
1308 954 1496 993 Vaticani
1535 955 1554 992 Ι
1589 958 1628 992 et
1660 954 1703 992 II

226 1015 502 1063 disquirantur
550 1015 722 1054 dilucide
768 1016 954 1065 cognosci
999 1019 1147 1064 potest:
1199 1016 1409 1056 Albericus
1455 1017 1497 1055 in
1544 1017 1703 1066 singula

224 1080 361 1129 capita
409 1080 544 1120 varios
596 1080 853 1128 diversosque
903 1080 1035 1119 fontes
1086 1085 1199 1120 tanta
1247 1081 1446 1120 industria
1492 1081 1704 1130 contraxit,

218 1148 262 1183 ut
312 1145 510 1184 interdum
558 1145 626 1184 ubi
671 1147 721 1183 ab
765 1156 841 1183 uno
882 1144 992 1184 fonte
1030 1146 1079 1184 ad
1114 1146 1281 1184 alterum
1316 1149 1496 1185 transeat
1527 1145 1703 1194 perspici

221 1209 289 1249 vix
326 1209 471 1258 possit,
516 1209 750 1258 praesertim
795 1221 882 1248 cum
922 1209 1081 1258 saepius
1119 1210 1305 1259 iungendi
1349 1221 1469 1248 causa
1512 1210 1702 1249 nonnulla

218 1276 341 1314 verba
388 1275 452 1313 vel
499 1274 717 1313 sententias
765 1286 814 1312 ex
861 1286 930 1313 suo
975 1274 1137 1322 ingenio
1181 1274 1338 1312 adicere
1382 1286 1460 1312 non
1503 1277 1698 1313 vereatur.

220 1340 331 1377 Haec
379 1338 558 1386 quaestio
598 1338 638 1376 in
676 1338 877 1376 intricatis
914 1341 1159 1386 versaretur,
1207 1338 1300 1376 nisi.
1329 1338 1564 1386 compilator
1604 1349 1701 1376 non—

220 1403 350 1442 nullos
397 1403 613 1451 scriptores
660 1402 921 1450 nominasset;
971 1406 1013 1441 at
1060 1402 1121 1440 illi
1168 1402 1384 1450 peramplis
1430 1402 1698 1441 tantummodo

218 1468 318 1506 locis
348 1469 398 1505 ab
437 1478 481 1505 eo
517 1470 880 1505 commemorantur.
938 1467 1026 1505 Huc
1061 1467 1215 1505 accedit
1253 1467 1356 1513 quod
1386 1466 1593 1504 Albericus
1623 1477 1701 1504 non

218 1544 311 1571 raro
342 1543 366 1571 a
403 1531 527 1571 fontis
565 1530 626 1571 sui
665 1530 883 1570 elocutione
920 1530 1095 1570 maxima
1130 1530 1295 1570 licentia
1330 1529 1515 1580 discedit,
1554 1541 1639 1569 cum
1677 1541 1701 1569 a

218 1597 463 1637 verbositate
509 1596 742 1634 confusione
787 1596 1024 1644 turgidoque
1068 1596 1258 1634 narrandi
1311 1607 1454 1644 genere
1497 1599 1699 1633 auctorum

221 1661 377 1701 omnino
409 1661 623 1700 abhorreat
652 1671 882 1709 semperque
911 1659 1103 1699 sermonis
1133 1659 1432 1709 simplicitatem
1461 1663 1643 1699 sectetur.

326 1726 411 1764 Iam
443 1725 573 1763 fontes
603 1727 653 1763 ab
676 1725 861 1763 Alberico
892 1725 933 1762 in
962 1736 1074 1763 suum
1103 1736 1215 1762 usum
1245 1735 1456 1763 conversos
1485 1724 1699 1772 respicien-

219 1790 327 1829 tibus
356 1789 575 1838 primarii
605 1793 644 1827 et
673 1789 949 1827 secundarii
986 1788 1236 1827 discernendi
1265 1788 1462 1827 videntur.
1519 1787 1696 1826 Fontes

219 1854 481 1903 primarios
510 1854 581 1892 hos
610 1853 839 1892 statuimus:

329 1929 382 1979 A)
411 1927 659 1978 Fulgentii1)
694 1927 734 1978 a)
764 1927 1058 1976 mitologiarum
1086 1927 1112 1965 l.
1143 1930 1224 1965 tres

688 1993 728 2043 b)
759 1992 1018 2041 Vergilianae
1046 1991 1324 2031 Continentiae
1354 2002 1429 2030 sec.
1465 1990 1567 2029 Phil.
1601 1990 1698 2030 Mor.

758 2056 1072 2104 Expositionem.

326 2120 564 2170 Fulgentius
601 2121 728 2169 primo
766 2121 851 2159 looo
890 2120 1151 2159 nominandus
1189 2123 1264 2167 est,
1304 2130 1390 2157 cum
1421 2117 1630 2157 Albericus
1659 2118 1700 2157 in

218 2198 336 2235 opere
373 2198 444 2225 suo
482 2186 632 2224 maiore
670 2185 914 2224 instituendo
953 2188 991 2223 et
1030 2184 1248 2223 ordinando
1280 2183 1364 2222 eius
1394 2182 1612 2231 exemplum
1641 2194 1701 2221 se-

221 2255 334 2290 cutus
364 2250 430 2289 sit.
489 2250 620 2290 Velim
650 2248 854 2288 conferas:
883 2292 885 2294 ,

271 2326 388 2375 Fulg.
419 2325 488 2365 lib.
510 2325 531 2363 Ι
562 2325 642 2364 fab.
664 2325 684 2363 I
713 2325 814 2364 unde
844 2324 991 2363 idolum
1047 2336 1104 2362 Ν
1145 2324 1268 2374 myth.
1298 2322 1541 2372 prooemium

641 2390 682 2427 II
712 2389 793 2428 fab.
824 2389 985 2442 Saturni
1045 2401 1103 2426 Ν
1185 2389 1205 2427 Ι
1234 2388 1427 2427 Saturnus

736 2457 775 2492 et
804 2453 902 2502 Opis
1043 2465 1100 2491 Ν
1164 2452 1206 2491 II
1235 2452 1381 2502 Cybele
1411 2451 1465 2502 (z
1496 2451 1593 2502 Ops)

621 2518 685 2556 III
713 2519 760 2556 de
790 2518 883 2557 Iove
1042 2529 1100 2568 Ν
1142 2517 1206 2555 ΙΙΙ
1234 2516 1416 2564 Iuppiter

737 2585 776 2620 et
804 2582 953 2620 Iunone
1045 2593 1103 2620 Ν
1145 2582 1202 2621 IV
1230 2581 1329 2619 Iuno

330 2701 351 2741 ¹)
376 2700 484 2740 Opera
508 2699 556 2731 ed.
583 2699 620 2731 R.
639 2698 735 2730 Helm
761 2699 893 2739 Lipsiae
918 2699 1010 2732 1898.
