1967 3102
775 748 1078 811 Praefatio,

293 910 668 959 Mythographus
697 909 765 957 qui
792 909 1060 949 Vaticanus
1090 909 1264 948 tertius
1293 909 1457 958 dicitur,
1495 910 1664 957 primum

186 986 264 1013 una
294 986 379 1013 cum
409 973 711 1024 mythographis
730 973 938 1014 Vaticanis
967 973 987 1012 I
1017 977 1056 1012 et
1085 973 1126 1011 II
1155 974 1203 1012 ab
1235 973 1387 1023 Angelo
1417 974 1524 1013 Maio
1536 973 1565 1025 1)
1593 986 1665 1023 pu-

187 1039 284 1077 blici
305 1039 404 1077 iuris
426 1040 556 1077 factus
586 1042 645 1077 est
674 1038 795 1076 nullis
823 1039 1114 1087 propemodum,
1143 1042 1186 1076 ut
1205 1039 1335 1077 Maius
1363 1039 1450 1086 ipse
1478 1043 1660 1088 testatur,

187 1103 330 1152 (praef.
352 1115 389 1151 p.
411 1103 522 1152 XVI)
553 1102 716 1141 scholiis
746 1102 905 1151 additis,
936 1114 984 1141 ne
1012 1102 1135 1141 moles
1156 1102 1368 1141 voluminis
1395 1103 1514 1141 nimis
1543 1114 1664 1151 auge-

188 1171 308 1206 retur.
371 1168 516 1206 Tribus
552 1167 666 1205 annis
701 1171 791 1215 post
828 1166 949 1205 editio
987 1167 1106 1214 paulo
1146 1167 1391 1205 emendatius
1428 1179 1453 1205 a
1490 1167 1664 1216 Georgio

188 1231 297 1270 Bode
308 1230 338 1280 2)
366 1231 537 1279 repetita
567 1234 636 1269 est.

296 1294 511 1333 Alberici
540 1295 592 1333 de
622 1295 810 1333 deorum
839 1294 1128 1343 imaginibus
1159 1294 1357 1333 libellus
1386 1299 1542 1343 saepius
1563 1299 1665 1334 inter

188 1360 497 1409 mythographos
525 1359 672 1397 latinos
702 1359 743 1396 in
779 1359 903 1397 lucem
939 1359 1104 1397 emissus
1139 1363 1215 1397 est:
1259 1358 1428 1406 primum
1466 1371 1490 1397 a
1518 1360 1663 1398 Iacobo

188 1424 351 1474 Micyllo
371 1423 556 1463 Basileae
584 1423 698 1473 1549,
729 1423 869 1462 deinde
898 1425 948 1462 ab
978 1423 1221 1473 Hieronymo
1243 1423 1482 1463 Commelino
1503 1424 1664 1462 Heidel-

188 1491 335 1538 bergae
366 1489 479 1527 1599.
536 1488 745 1527 Editiones
773 1488 1011 1528 novissimas
1040 1492 1281 1527 curaverunt

318 1553 356 1603 1)
386 1552 620 1592 Thomasius
649 1553 887 1592 Munckerus
916 1552 1183 1591 Amsterdami
1213 1564 1247 1591 a.
1282 1553 1405 1601 1681;

316 1618 354 1667 2)
386 1617 589 1665 Augustus
618 1629 696 1656 van
725 1617 917 1656 Staveren
946 1617 1072 1665 Lugd.
1095 1617 1183 1655 Bat.
1215 1629 1249 1655 a.
1285 1618 1398 1655 1742.

292 1681 625 1731 Mythographum
655 1681 892 1722 Vaticanum
930 1681 1088 1720 tertium
1128 1681 1291 1720 eundem
1330 1693 1416 1720 esse
1445 1685 1562 1730 atque
1592 1682 1662 1720 Al-

185 1744 359 1784 bericum
402 1745 647 1794 argumentis
690 1745 853 1785 invictis
896 1746 963 1784 Fr.
996 1746 1202 1784 Iacobsius
1236 1745 1278 1784 in
1320 1746 1660 1794 Ephemeridibus,

185 1821 350 1857 quarum
379 1809 519 1849 titulus
549 1813 626 1850 est:
656 1810 893 1850 Zeitschrift
923 1810 989 1849 fiir
1017 1810 1288 1850 Altertumsw.
1320 1822 1355 1849 a.
1380 1811 1482 1849 1834
1511 1822 1559 1849 m.
1582 1810 1661 1849 No-

186 1875 334 1914 vembr.
365 1885 426 1913 no.
452 1875 526 1913 132
556 1886 593 1923 p.
617 1875 720 1914 1059
750 1875 1048 1914 demonstravit.

293 1939 444 1989 Quibus
473 1951 522 1978 ex
550 1939 779 1979 auctoribus
809 1940 1089 1989 mythographi
1118 1939 1304 1979 Vaticani
1334 1939 1354 1977 I
1383 1943 1422 1978 et
1450 1939 1491 1978 ΙΙ
1520 1940 1661 1979 hause-

184 2002 282 2052 rint,
326 2004 372 2042 R.
399 2003 542 2043 Sehulz
554 2002 583 2054 ³)
619 2007 658 2043 et
696 2004 742 2042 F.
768 2002 1002 2053 Keseling4)
1043 2003 1311 2052 compluribus
1354 2003 1470 2042 annis
1514 2004 1659 2043 abhinc

190 2068 411 2106 luculenter
439 2068 755 2107 enucleaverunt.
795 2068 855 2107 De
886 2068 1062 2106 fontibus
1090 2067 1295 2114 utriusque
1324 2068 1455 2116 operis
1485 2069 1664 2107 Alberici

184 2144 296 2171 nemo
319 2123 390 2171 *ad
431 2132 504 2171 hoc
546 2136 698 2181 tempus
735 2132 1004 2181 quaestionem
1041 2132 1237 2181 instituit,
1282 2133 1350 2172 sed
1393 2134 1662 2173 tantummodo

185 2196 314 2235 obiter
333 2208 400 2235 eos
421 2196 568 2235 Bodius
589 2196 664 2247 (ed.
686 2196 833 2247 myth),
857 2197 1053 2245 Georgius
1073 2197 1189 2234 Thilo
1212 2197 1285 2246 (ed.
1309 2197 1448 2247 Serv.),
1479 2198 1525 2235 R.
1542 2198 1660 2236 Helm

189 2262 264 2311 (ed.
294 2261 428 2312 Fulg.)
458 2261 685 2310 tetigerunt.
730 2261 817 2311 Qua
846 2261 977 2300 indole
1007 2261 1185 2301 Alberici
1214 2262 1309 2301 libri
1339 2262 1420 2301 sint
1449 2274 1566 2310 quam
1596 2275 1661 2302 ac-

187 2325 437 2365 curatissime
466 2325 667 2373 inquirere
694 2325 809 2365 nobis
839 2329 899 2365 est
927 2326 1185 2374 propositum.

293 2452 316 2494 ¹)
350 2452 568 2486 classicorum
616 2456 790 2486 auctorum
829 2463 845 2485 e
884 2452 1059 2486 Vaticanis
1098 2454 1264 2486 codicibus
1303 2453 1466 2486 editorum
1503 2457 1581 2487 tom.
1611 2454 1663 2485 III

184 2517 214 2548 p.
232 2507 400 2539 161—277
425 2510 460 2540 et
481 2517 511 2548 p.
528 2507 709 2548 375-379,
734 2508 859 2541 Romae
883 2508 975 2541 1831.

292 2561 318 2602 ²)
340 2561 522 2602 Scriptores
545 2572 654 2594 rerum
677 2562 897 2603 mythical-um
921 2563 1035 2595 Latini
1057 2565 1137 2603 tres,
1167 2563 1266 2595 Cellis
1291 2563 1382 2596 1834.

291 2614 316 2655 ⁸)
340 2615 389 2647 De
412 2615 646 2657 Mythographi
669 2616 827 2648 Vaticani
848 2617 945 2656 primi
968 2616 1129 2657 fontibus,
1154 2617 1250 2648 Halis
1274 2617 1366 2649 1905.

290 2668 315 2708 4)
340 2668 388 2700 De
411 2668 646 2711 Mythographi
670 2669 828 2702 Vaticani
851 2670 986 2702 secundi
1010 2670 1172 2711 fontibus,
1197 2671 1293 2702 Halis
1318 2671 1409 2703 1908.

246 2753 426 2783 Rasehke,
454 2754 494 2777 De
512 2754 650 2778 Alberico
670 2754 842 2784 mythologo
1517 2747 1529 2774 l
