1967 3102
937 206 962 245 9

211 337 367 376 nomine
392 335 536 374 omisso
562 334 809 385 expilavit1),
841 335 1072 373 nominatim
1102 334 1289 383 appellat.
1342 334 1506 373 Duobus
1535 337 1687 373 tantum

208 400 308 440 locis
337 399 524 439 artiorem
554 410 638 438 esse
666 398 860 437 rationem
889 402 1063 437 statuere
1092 398 1306 447 potuimus:

319 528 341 565 ¹)
366 527 477 558 Etiam
499 526 658 566 quasdam
681 526 827 558 rationes
850 527 938 558 inter
961 525 1216 568 mythographos
1232 526 1308 558 Vat.
1327 526 1343 557 I
1367 529 1401 558 et
1422 525 1456 557 II
1474 544 1512 548 —
1530 528 1563 557 et
1579 525 1687 557 Remi-

213 582 315 623 gium,
348 590 443 620 quem
465 580 503 612 R.
521 579 639 611 Schulz
663 579 683 611 1.
700 578 721 611 l.
738 588 766 618 p.
785 579 825 611 64
850 582 883 611 et
906 580 941 611 F.
959 579 1118 621 Keseling
1140 579 1160 611 1.
1178 580 1198 611 l.
1215 590 1244 620 p.
1261 580 1304 611 90
1331 579 1428 620 plane
1459 579 1688 620 neglexerunt,

209 634 411 667 intercedere
434 643 493 666 nos
517 633 681 665 detexisse
704 635 876 672 putamus:
901 633 960 666 cf.:

210 694 253 726 M.
270 694 348 727 Vat.
364 694 381 725 Ι
410 693 434 726 f.
453 694 515 725 130
538 693 578 733 (p.
605 693 657 732 41,

303 748 345 781 35
368 766 406 771 -
431 748 483 788 42,
508 748 560 788 16)

210 802 357 834 Phorcus
380 805 449 833 tres
463 801 581 833 habuit
595 800 657 832 fili-

209 865 261 896 as,
301 855 437 895 Stheno,
477 854 657 895 Euryalen,

209 909 390 949 Medusam,
406 918 489 948 quae
504 918 570 940 uno
583 917 657 939 con—

208 963 391 996 tuebantur
413 962 507 994 oculo
528 964 563 994 et
582 971 656 993 con-

209 1019 342 1048 tuentes
365 1017 399 1048 in
423 1016 563 1056 lapidem
582 1024 657 1047 con-

210 1070 402 1109 vertebant;
425 1069 511 1101 unde
527 1071 561 1111 et
576 1069 657 1101 Gor-

211 1133 313 1165 gones
337 1123 446 1155 dictae
473 1134 492 1154 a
515 1126 656 1155 terrore:

210 1175 322 1219 γοργώ
360 1186 499 1216 namque
533 1176 658 1207 Graece

210 1233 318 1262 terror
347 1231 477 1263 dicitur.
534 1229 659 1262 Contra

209 1294 291 1324 quas
329 1285 449 1316 missus
491 1286 543 1315 est
580 1283 657 1314 Per-

211 1347 286 1370 seus
337 1347 410 1369 cum
463 1337 657 1377 crystallino

211 1392 314 1433 clipeo
328 1395 366 1425 et
379 1391 488 1433 harpe,
507 1391 593 1431 quod
606 1395 657 1423 est

210 1456 316 1487 genus
351 1446 472 1478 falcati
509 1445 586 1484 teli3
624 1447 658 1476 et

211 1500 376 1532 adiutorio
404 1499 572 1531 Minervae
600 1508 657 1530 eas

209 1553 392 1586 interfecit.
430 1554 478 1585 Re
494 1563 573 1585 vera
588 1556 657 1584 tres

208 1607 345 1639 fuerunt
386 1616 514 1639 sorores
559 1607 657 1638 unius

208 1661 479 1701 pulchritudinis;
502 1660 587 1692 unde
602 1659 657 1691 fic-

209 1717 280 1746 tum
304 1717 370 1755 est,
399 1717 438 1746 ut
460 1724 525 1746 uno
548 1715 657 1746 intue-

208 1771 325 1800 rentur
355 1768 458 1801 oculo.
508 1769 658 1801 Fuerunt

209 1824 321 1854 autem
362 1822 655 1863 locupletissimae3

210 1875 296 1908 unde
319 1878 353 1908 et
368 1876 538 1918 Gorgones
562 1879 657 1916 quasi

209 1931 384 1971 georgicae
415 1930 448 1961 id
480 1934 531 1962 est
562 1933 657 1970 quasi

208 1986 319 2015 terrae
332 1984 501 2016 cultrices:
518 1984 558 2026 γῆ
570 1986 657 2017 enim

209 2038 350 2078 Graece,
388 2038 507 2069 Latine
549 2042 655 2078 terra;

209 2095 354 2133 γεωργία
370 2091 492 2122 dicitur
513 2092 655 2123 cultura.

210 2145 342 2177 Mortuo
384 2148 479 2185 patre
520 2145 657 2177 Medusa

209 2200 314 2230 maior
347 2198 416 2230 filia
449 2200 484 2230 in
518 2208 656 2240 regnum

209 2253 380 2293 successit,
396 2261 493 2292 quam
507 2252 657 2294 Perseus,

209 2317 268 2339 rex
285 2307 393 2346 Asiae,
417 2306 598 2347 interfecit,
623 2310 658 2339 et

210 2362 281 2393 eius
323 2369 462 2402 regnum
507 2360 656 2393 abstulit.

211 2415 344 2447 Veritas
359 2417 472 2446 tamen
486 2414 548 2446 hoc
562 2415 657 2446 modo

211 2478 245 2501 se
260 2468 369 2501 habet.
400 2468 534 2510 Gorgon
550 2471 658 2501 terror

210 2524 453 2563 interpretatur
462 2547 468 2562 ,
535 2522 657 2554 Stheno

210 2576 380 2616 debilitas,
414 2576 559 2616 Euryale
587 2576 658 2608 lata

209 2629 418 2671 profunditas
427 2656 434 2671 ,
519 2630 658 2662 Medusa

210 2684 357 2717 amentia
415 2684 467 2717 vel
525 2684 655 2717 oblivio.

212 2739 300 2771 Haec
334 2742 445 2771 autem
480 2740 589 2771 omnia
623 2740 657 2770 in

722 692 813 724 Rem.
857 703 970 725 comm.
1012 694 1033 726 i.
1071 693 1169 726 Mart.

723 746 799 787 Cap.
819 747 847 780 V
876 747 934 781 fol.
960 747 1054 780 1221)
1083 757 1112 781 v,
1131 747 1172 779 23

793 819 832 823 —-
858 801 879 834 f.
898 801 989 833 123a
1012 811 1041 834 v.
1060 802 1100 833 19

723 854 786 886 Est
793 857 904 886 autem
913 854 1039 887 fabula:
1050 855 1174 887 Forcus

722 910 790 939 tres
802 907 890 940 filias
905 908 1033 948 habuit,
1050 908 1172 940 Stenno

723 961 859 994 Euriale
898 962 999 1003 (corr.
1035 973 1042 994 :
1077 963 1173 994 Euri-

723 1015 810 1056 alen)
835 1019 869 1047 et
897 1016 1066 1048 Medusam
1090 1026 1174 1055 quae

723 1078 788 1100 uno
842 1069 935 1101 oculo
994 1069 1175 1101 utebantur

723 1125 757 1153 et
784 1123 954 1154 intuentes
977 1132 1011 1154 se
1035 1124 1068 1154 in
1093 1123 1173 1163 lapi-

724 1175 796 1207 dem
817 1179 1061 1208 converterunt.
1088 1177 1173 1208 unde

723 1232 757 1261 et
786 1229 957 1270 Gorgones
991 1240 1011 1261 a.
1047 1233 1173 1262 terrore

723 1283 831 1315 dictae
847 1287 935 1316 sunt.
960 1284 1070 1325 Gorgo
1083 1294 1172 1315 nam-

722 1346 784 1376 que
791 1339 898 1369 terror
906 1337 1043 1369 dicitur:
1056 1340 1173 1370 contra

722 1400 805 1431 quas
821 1392 942 1424 missus
963 1394 1015 1424 est
1030 1381 1175 1424 Perseus*

723 1454 797 1476 cum
812 1445 997 1477 cristallino
1019 1446 1122 1485 clipeo
1139 1448 1172 1477 et

723 1508 824 1539 arpen
847 1498 940 1540 (corr.
957 1511 963 1531 :
977 1501 1069 1540 arpe)
1086 1500 1171 1539 quod

723 1555 775 1584 est
807 1562 912 1593 genus
954 1553 1014 1585 teli
1052 1553 1173 1585 sulcati

724 1606 820 1646 (corr.
834 1617 841 1638 ε
855 1606 997 1647 falcati).
1022 1607 1067 1638 Et
1080 1606 1172 1638 adiu-

722 1661 808 1691 torio
821 1660 989 1692 Minervae
1001 1669 1057 1692 eas
1069 1661 1172 1692 inter-

722 1713 813 1746 fecit.
843 1713 971 1746 Revera
981 1716 1092 1746 autem
1102 1717 1172 1746 tres

722 1767 860 1800 fuerunt
902 1777 1029 1800 sorores
1073 1769 1172 1800 unius

722 1821 988 1862 pulchritudinis,
1009 1821 1096 1853 unde
1116 1820 1171 1853 fic—

722 1879 794 1908 tum
814 1878 866 1908 est
886 1876 971 1916 quod
993 1886 1058 1908 uno
1077 1876 1170 1908 oculo

722 1933 905 1962 uterentur.
914 1929 930 1960 f
932 1933 1052 1961 uerunt
1060 1933 1170 1962 autem

722 1983 1012 2024 locupletissimae;
1021 1984 1106 2015 unde
1114 1993 1169 2015 au—

721 2041 788 2069 tem
795 2038 964 2078 Gorgones
975 2038 1082 2069 dictae
1091 2047 1170 2076 qua-

722 2092 750 2122 si
760 2100 898 2131 georges
911 2092 930 2122 i.
942 2100 968 2123 e.
983 2093 1092 2122 terrae
1103 2090 1169 2122 cul-

721 2145 831 2176 trices.
885 2144 932 2176 Ge
960 2146 1046 2176 enim
1074 2154 1169 2185 grece

722 2200 828 2237 terra,
880 2199 974 2238 orgia
1027 2197 1168 2230 cultura.

722 2250 853 2283 Mortuo
897 2254 993 2292 patre
1033 2251 1170 2283 Medusa

722 2306 826 2337 maior
846 2305 915 2337 filia.
935 2306 965 2338 ei
980 2307 1015 2337 in
1031 2316 1169 2347 regnum

723 2360 883 2391 successit
910 2369 1008 2399 quam
1031 2360 1170 2392 Perseus

723 2423 780 2445 rex
809 2413 909 2446 Asiae
937 2413 1109 2446 interfecit
1137 2418 1171 2446 et

723 2468 793 2499 eius
836 2477 976 2510 regnum
1020 2468 1169 2502 abstulit.

723 2522 905 2553 Secundum
919 2523 1089 2564 Fulgentii
1101 2523 1171 2555 the-

724 2575 867 2617 ologiam
911 2576 1009 2608 huius
1055 2576 1172 2608 fabula

723 2630 802 2662 talis
815 2633 876 2664 est.
893 2630 1072 2672 Gorgo,-ut
1089 2630 1170 2663 dixi-

723 2685 1169 2725 mus‚terrorinterpretatur.

723 2742 791 2771 tres
804 2742 914 2771 autem
937 2742 1016 2771 sunt
1032 2739 1170 2771 effectus

1237 688 1279 720 M.
1303 688 1341 721 v.
1364 687 1399 719 11
1427 687 1449 720 f.
1470 688 1530 719 112
1554 688 1596 727 (p.
1615 687 1686 727 112,

1382 741 1534 782 30—33.)

1280 1932 1430 1964 Fuerunt
1454 1934 1566 1963 autem
1595 1929 1683 1963 locu-

1236 1985 1340 2025 pletes
1364 1986 1471 2026 nimis,
1495 1985 1581 2017 unde
1602 1986 1684 2017 Gor-

1235 2048 1341 2079 gonae
1379 2039 1550 2078 dicuntur,
1588 2040 1684 2078 quasi

1378 2094 1487 2124 terrae
1511 2092 1683 2124 cultrices:

1235 2144 1275 2187 γῆ
1307 2145 1394 2177 enim
1417 2149 1518 2185 terra,
1543 2148 1684 2187 ἐργασία

1236 2199 1369 2230 cultura
1414 2199 1546 2231 dicitur.
1622 2199 1684 2230 Sed

1235 2256 1366 2285 mortuo
1410 2256 1505 2294 patre
1548 2253 1686 2285 Medusa

1321 2309 1355 2339 in
1370 2317 1509 2349 regnum
1526 2309 1596 2339 eius
1613 2316 1684 2339 suc-

1322 2362 1431 2395 cessit.

1257 2415 1292 2446 11
1310 2416 1371 2447 113
1387 2415 1429 2456 (p.
1448 2416 1519 2455 113,
1546 2416 1584 2446 16
1597 2415 1655 2454 sq.)

1351 2470 1487 2502 Veritas
1510 2472 1621 2501 autem
1644 2478 1683 2500 ex

1237 2525 1368 2565 integro
1391 2524 1438 2555 sic
1459 2532 1493 2554 se
1509 2523 1608 2554 habet
1625 2548 1630 2553 .
1651 2548 1656 2553 .
1675 2549 1681 2554 .
