1967 3102
964 153 1010 191 11

349 280 564 328 Postquam
589 291 752 328 quorum
781 280 954 330 vestigia
983 279 1192 319 Albericus
1219 280 1260 317 in
1287 279 1472 328 operibus
1501 279 1584 319 suis
1612 291 1723 329 pres-

245 345 345 385 serit
373 344 641 395 cognovimus,
677 345 918 394 relinquitur
950 350 994 385 ut
1022 346 1198 385 breviter
1227 344 1479 393 disseramus,
1510 356 1610 393 quae
1638 357 1723 396 my-

244 409 509 459 thographum
546 409 675 458 ipsum
714 420 762 448 ex
802 421 872 449 suo
901 409 1062 459 ingenio
1098 408 1299 448 addidisse
1328 408 1579 448 arbitremur.
1636 409 1724 460 Qua

243 474 286 512 in
313 486 357 512 re
385 477 526 513 auctor
554 474 675 513 multo
703 474 831 523 pluris
860 474 1161 523 mythographis
1187 474 1395 514 Vaticanis
1415 474 1435 512 I
1463 478 1503 512 et
1530 474 1571 512 II
1601 474 1723 513 aesti-

243 537 409 577 mandus
446 541 517 577 est.
583 537 650 576 Illi
689 537 767 577 nisi
806 537 986 587 singulas
1024 541 1202 577 veterum
1239 537 1397 577 fabulas
1435 542 1475 577 et
1517 538 1722 577 fabulosas

245 591 548 649 explanationes
567 613 644 640 non
665 602 953 650 expilaverunt,
983 602 1193 640 Albericus
1220 613 1513 649 nonnumquam
1542 603 1593 639 ad
1621 603 1723 640 hane

243 665 308 705 vel
344 664 457 705 illam
496 665 673 705 fabulam
712 677 760 705 ex
789 677 859 705 suo
896 665 1056 716 ingenio
1085 665 1455 715 interpretationem
1484 666 1570 706 sive
1598 665 1723 706 ratio-

243 730 374 769 nalem
402 730 488 770 sive
516 731 704 769 moralem
734 731 898 769 addidit.
957 731 1061 780 Quin
1091 731 1210 770 etiam
1240 732 1503 780 etymologias
1532 732 1723 779 quasdam

244 794 395 844 fingere
437 806 514 834 non
556 798 731 843 veretur;
777 799 819 834 ut
855 795 1075 845 exemplum
1109 795 1292 835 afferam:
1344 796 1407 834 III
1435 796 1472 845 5,
1505 797 1525 834 1
1556 799 1606 845 (p.
1631 797 1720 845 171,

246 859 405 898 25—26
439 860 497 898 ed.
533 859 647 910 Bod.)
690 860 896 899 Tritonum
928 872 1067 899 nomen
1101 860 1235 899 verbis
1278 861 1395 909 ,quod
1431 872 1557 908 aquae
1591 865 1721 899 terras

250 925 395 963 terunt‘
426 924 611 974 explicat.
669 924 845 964 Maxima
881 929 1011 964 autem
1050 925 1238 965 libertate
1272 925 1483 965 Albericus
1525 925 1566 964 in
1603 927 1721 966 rebus

248 989 484 1037 theologicis
513 1000 605 1027 suas
634 989 852 1028 sententias
882 990 1149 1037 formulasque
1178 989 1343 1037 profert.
1381 989 1448 1040 (cf.
1480 990 1543 1027 III
1572 991 1608 1037 6,
1641 991 1720 1037 15).

353 1052 533 1101 Denique
562 1044 715 1102 tempus
744 1064 830 1093 esse
850 1053 1018 1103 videtur,
1044 1057 1087 1093 ut
1107 1065 1183 1102 qua
1203 1057 1334 1094 aetate
1363 1054 1573 1094 Albericus
1602 1054 1721 1093 floru-

245 1117 322 1157 erit
350 1128 595 1165 quaeramus.
652 1117 833 1156 Alterum
861 1118 1070 1156 terminum
1106 1122 1197 1156 ante
1240 1129 1354 1165 quem
1390 1120 1555 1166 praebet
1597 1119 1721 1157 codex

244 1181 464 1223 Vaticanus
505 1181 765 1231 Reginensis,
809 1182 920 1221 cuius
962 1182 1201 1231 scripturam
1239 1181 1408 1221 formam
1448 1183 1599 1221 saeculi
1638 1182 1721 1221 XII

246 1258 343 1295 prae
371 1258 413 1286 se
444 1246 550 1286 ferre
578 1247 708 1286 Maius
739 1246 881 1295 (praef.
912 1258 949 1295 p.
971 1247 1021 1297 V)
1052 1246 1165 1285 dixit.
1233 1247 1441 1286 Terminus
1477 1251 1568 1295 post
1607 1258 1721 1294 quem

248 1321 268 1348 e
306 1310 483 1349 fontibus
521 1310 736 1359 colligitur.
804 1310 899 1349 Cum
929 1310 1078 1348 nullum
1113 1310 1348 1358 scriptorem
1378 1323 1402 1349 a
1430 1311 1719 1360 mythographo

247 1374 468 1413 adhibitum
502 1374 684 1423 Remigio
713 1374 1065 1423 Autissiodorensi,
1097 1385 1210 1422 quem
1245 1378 1413 1414 exeunte
1447 1386 1549 1414 saec.
1584 1375 1645 1414 IX
1682 1379 1721 1413 et

247 1438 407 1477 ineunte
446 1439 486 1477 X
532 1438 712 1478 floruisse
760 1442 932 1488 constat,
980 1438 1213 1478 inferiorem
1258 1438 1433 1479 inveniri
1473 1439 1719 1488 evicerimus,

247 1502 475 1543 Albericum
520 1503 781 1552 scriptoribus
827 1503 976 1543 saeculi
1012 1503 1052 1542 X
1091 1503 1155 1543 vel
1192 1503 1253 1542 XI
1300 1515 1387 1543 esse
1433 1504 1719 1544 accensendum

249 1568 458 1616 opinantes
487 1579 565 1607 non
594 1567 711 1607 nimis
740 1579 764 1607 a
792 1579 885 1607 vero
915 1567 1199 1607 aberrabimus.
1226 1589 1277 1596 —-
1306 1567 1458 1618 Quibus
1487 1568 1719 1617 praemissis

248 1632 328 1671 iam
358 1644 479 1680 opera
508 1632 686 1671 Alberici
715 1633 766 1672 ad
796 1633 925 1672 fontes
954 1633 1186 1671 referamus.
