1967 3102
959 149 1010 187 10

353 278 478 327 Myth.
501 278 589 316 Vat.
611 277 674 314 III
702 278 739 325 4,
769 277 793 314 8
823 276 876 327 (p.
900 277 988 325 169,
1020 277 1135 325 2—3,
1165 277 1270 314 5—-6
1291 277 1349 314 ed.
1372 276 1486 327 Bod.)
1504 295 1542 306 =
1564 278 1615 315 Μ.
1638 278 1683 317 V.
1706 278 1726 316 I

248 343 328 381 fab.
354 343 402 381 16
432 342 482 393 (p.
505 343 529 382 5
559 355 595 381 v.
621 343 680 391 16,
706 341 783 392 18).

353 418 403 456 M.
433 417 477 455 V.
506 416 568 455 III
603 417 638 465 6,
670 417 720 455 23
757 416 809 468 (p.
835 417 922 466 187,
953 415 1127 462 37—38)
1176 416 1227 455 cf.
1266 416 1318 454 M.
1347 417 1391 456 V.
1429 416 1449 454 I
1480 416 1556 455 110
1587 416 1638 467 (p.
1661 418 1724 466 35,

247 483 432 531 25—26).
464 481 571 531 (vide
600 481 711 520 infra
740 482 1018 520 adnotationes
1047 481 1232 531 nostras).

352 556 458 606 Quos
484 556 615 595 fontes
644 556 900 595 secundarios
930 556 1137 596 universos
1163 556 1371 595 Albericus
1401 556 1479 595 nisi
1508 555 1550 594 in
1578 556 1726 595 maiore

246 632 363 669 opere
393 621 433 658 in
463 632 574 658 suum
605 632 715 658 usum
740 632 818 658 non
847 620 1061 668 convertit;
1092 620 1133 658 in
1163 620 1312 658 minore
1341 620 1542 668 neglectos
1571 620 1726 659 inveni-

246 697 348 724 mus:
395 686 428 724 1.
460 685 706 734 Ciceronem,
756 685 791 723 2.
823 684 1037 735 Hyginum,
1088 684 1123 723 3.
1155 684 1412 733 Chalcidium,
1462 685 1497 723 4.
1529 684 1723 733 Rufinum,

244 750 280 788 5.
311 749 464 788 scholia
492 749 729 798 Horatiana,
761 750 796 787 6.
828 749 952 799 Myth.
983 749 1069 787 Vat.
1091 749 1272 797 primum.

245 910 433 942 hominibus
450 912 610 942 terrorem
624 919 696 950 ope-

243 967 373 995 rantur.

288 1392 429 1423 Perseus
490 1394 600 1422 autem
661 1392 695 1422 in

245 1445 354 1486 figura
383 1445 521 1476 virtutis
549 1445 695 1484 ponitur,

288 1499 344 1538 qui
361 1499 546 1540 Gorgonem
571 1498 695 1530 auxilio

244 1553 413 1584 Minervae
421 1552 526 1582 interf
528 1553 607 1591 ecit;
618 1553 696 1590 quia

244 1607 352 1638 virtus
377 1607 561 1645 sapientiae
584 1614 695 1636 omnes

244 1661 349 1691 vincit
364 1663 518 1691 terrores.
553 1660 603 1690 De
620 1669 694 1690 san-

244 1714 345 1754 guine
383 1715 495 1744 autem
529 1713 694 1753 Gorgonis

243 1768 345 1798 natus
368 1769 420 1797 est
443 1766 610 1807 Pegasus,
638 1766 695 1804 qui

243 1820 336 1851 fama
367 1820 626 1859 interpretatum
662 1822 696 1850 et

243 1872 324 1913 pede
348 1881 407 1905 suo
431 1873 556 1905 fontem
578 1871 694 1904 Casta-

243 1927 308 1958 liae
331 1927 401 1958 sive
418 1926 603 1967 Pegaseum
621 1935 695 1965 pro-

243 1980 354 2019 duxit;
383 1980 462 2018 quia
491 1980 600 2010 virtus
628 1988 694 2010 om-

243 2034 299 2066 nia
315 2042 476 2074 superans
495 2032 613 2065 bonam
632 2032 695 2065 sibi

244 2088 388 2126 acquirit
421 2087 557 2118 famam.
618 2087 695 2117 Fin-

243 2142 372 2180 guntur
395 2141 507 2171 autem
522 2141 640 2179 poetae
657 2138 695 2170 de

241 2193 300 2225 illo
328 2195 446 2233 potare
475 2193 586 2232 fonte,
618 2193 695 2231 quia

242 2245 381 2285 poeticis
404 2244 574 2284 figmentis
593 2246 695 2275 maxi-

242 2307 293 2329 me
316 2297 409 2329 fama
433 2298 579 2330 iuvatur.
631 2297 694 2329 No-

241 2351 381 2384 tandum
404 2354 457 2383 est
485 2361 580 2392 vero,
609 2351 695 2390 quod

242 2405 392 2445 Pegasus
409 2414 511 2444 equus
529 2405 597 2436 fuit
611 2404 694 2444 Nep-

242 2460 327 2490 tuni.

764 910 914 950 terroris,
937 910 993 948 qui
1009 918 1066 949 per
1081 910 1215 941 nomina

763 963 880 995 harum
972 963 1213 1004 significantur.

761 1017 884 1048 Stenno
895 1025 1034 1055 namque
1047 1016 1211 1055 debilitas,

762 1070 897 1103 Euriale
909 1070 981 1102 lata
990 1069 1212 1110 profunditas,

761 1124 942 1164 stuporalis
965 1124 1121 1163 amentia,
1146 1123 1212 1154 Me-

762 1178 845 1209 dusa
868 1177 990 1209 oblivio
1012 1178 1212 1217 interpreta-

761 1234 826 1263 tur.
866 1231 945 1262 haec
967 1232 1077 1262 omnia
1099 1232 1133 1262 in
1156 1230 1211 1261 ho-

761 1285 904 1316 minibus
917 1287 1026 1315 terror
1034 1283 1210 1323 operatur.

762 1338 856 1378 (corr.
872 1348 878 1369 ε
892 1340 1053 1369 terrorem
1075 1346 1210 1376 operan-

761 1391 841 1431 tur.)
871 1391 1012 1422 Perseus
1041 1393 1150 1422 autem
1178 1391 1210 1421 in

761 1443 870 1485 figura
892 1445 1029 1475 virtutis
1052 1444 1196 1483 ponitur.

805 1499 861 1537 qui
907 1499 1092 1538 Gorgonem
1139 1506 1212 1529 cum

763 1552 929 1583 adiutorio
963 1551 1129 1582 Minervae
1164 1552 1212 1581 in-

761 1605 899 1645 terficit,
967 1605 1045 1644 quia
1104 1605 1212 1636 virtus

761 1659 885 1691 auxilio
902 1660 1085 1698 sapientiae
1101 1667 1212 1689 omnes

760 1716 905 1745 terrores
922 1713 1034 1744 vincit.
1070 1712 1119 1743 De
1137 1721 1211 1743 san-

761 1767 861 1807 guine
886 1768 998 1797 autem
1028 1768 1128 1796 natus
1160 1767 1212 1796 est

761 1828 863 1859 equus
880 1819 1040 1860 Pegasus,
1058 1819 1114 1857 qui
1131 1818 1212 1858 pede

762 1882 820 1905 suo
858 1873 985 1904 fontem
1029 1871 1212 1904 Castalium

762 1928 831 1958 sive
848 1926 1032 1966 Pegaseum
1048 1925 1210 1957 traduxit.

761 1980 1009 2019 Interpretatur
1025 1981 1137 2010 autem
1152 1978 1212 2009 Pe-

762 2041 864 2075 gasus
880 2031 982 2074 fama,
1004 2033 1083 2073 quia
1104 2033 1212 2065 virtus

762 2096 921 2126 superans
949 2088 1059 2118 omnia
1088 2087 1212 2117 famam

762 2139 824 2170 sibi
842 2140 1016 2178 conquirit.
1063 2139 1213 2180 Fingunt

762 2193 858 2233 (corr.
883 2193 1087 2233 Finguntur)
1102 2195 1213 2224 autem

761 2248 877 2284 poetae
927 2245 966 2275 de
1016 2245 1073 2275 illo
1118 2245 1213 2276 fonte

761 2301 895 2338 potare,
948 2299 1026 2337 quia
1074 2298 1213 2337 poeticis

761 2351 929 2392 figmentis
958 2352 1099 2383 maxime
1121 2351 1213 2382 fama

761 2406 905 2437 iuvatur.
932 2404 1123 2437 Notandum
1135 2414 1212 2436 vero

760 2458 846 2496 quod
906 2458 1056 2500 Pegasus
1110 2466 1212 2497 equus

759 2511 905 2551 Neptuni
929 2512 1039 2544 dictus
1062 2516 1114 2544 est
1138 2538 1144 2544 .
1171 2537 1178 2544 .
1204 2537 1210 2543 .

1322 1017 1443 1048 Stheno
1473 1016 1637 1056 debilitas,
1662 1016 1727 1047 Eu-

1278 1070 1370 1111 ryale
1407 1070 1478 1103 lata
1506 1069 1727 1111 profunditas,

1280 1125 1417 1156 Medusa
1448 1124 1578 1156 oblivio.
1639 1124 1728 1155 Haec

1279 1179 1389 1210 omnia
1413 1181 1573 1210 terrorem
1601 1177 1729 1209 faciunt

1278 1233 1311 1263 in
1335 1231 1521 1263 hominibus
1546 1258 1552 1264 .
1578 1258 1584 1264 .
1611 1257 1617 1263 .

1322 1391 1461 1423 Perseus
1489 1391 1575 1422 enim
1604 1390 1727 1422 Graece

1278 1446 1386 1477 virtus
1410 1444 1542 1476 dicitur.

1321 1500 1510 1540 Gorgonam
1520 1507 1593 1530 cum
1603 1497 1726 1530 auxilio

1278 1553 1446 1584 Minervae
1457 1552 1637 1591 interfecit,
1649 1553 1727 1590 quia

1278 1608 1386 1638 virtus
1408 1606 1618 1637 auxiliatrice
1640 1606 1726 1645 sapi-

1278 1661 1370 1691 entia
1421 1669 1533 1691 omnes
1582 1662 1726 1691 terrores

1278 1714 1383 1745 vincit
1411 1739 1417 1745 .
1449 1738 1455 1744 .
1488 1738 1493 1744 .
1550 1713 1599 1744 De
1633 1713 1726 1744 cuius

1279 1767 1401 1798 semine
1439 1768 1540 1798 natus
1578 1768 1630 1798 est
1667 1765 1727 1797 Pe-

1278 1829 1390 1860 gasus.

1322 1980 1470 2020 Pegasus
1508 1981 1594 2011 enim
1637 1979 1729 2010 fama

1279 2033 1411 2074 dicitur,
1434 2034 1512 2073 quia
1534 2033 1645 2065 omnia
1663 2034 1727 2065 vir-

1278 2091 1334 2119 tus
1385 2097 1544 2126 superans
1603 2087 1728 2118 famam

1279 2140 1342 2172 sibi
1353 2141 1493 2179 quaerit.
1519 2140 1566 2171 De
1579 2139 1726 2180 Pegaseo

1278 2194 1370 2226 fonte
1393 2196 1512 2234 potant
1535 2196 1651 2234 poetae
1669 2218 1675 2225 .
1695 2220 1700 2226 .
1720 2219 1726 2226 .

349 2587 527 2619 Rationem
551 2596 629 2618 vero
652 2595 718 2625 qua
741 2586 974 2627 mythographi
998 2587 1155 2620 Vaticani
1178 2587 1194 2618 I
1210 2589 1245 2619 et
1260 2586 1294 2618 11
1318 2587 1468 2628 Remigio
1492 2588 1545 2619 usi
1569 2588 1638 2619 sint
1660 2587 1728 2619 alia

241 2641 413 2673 occasione
437 2641 628 2673 accuratius
652 2649 821 2680 exponam.
