1967 3102
889 157 912 194 7

268 286 433 323 Praeter
461 284 783 322 commentarium
813 284 854 322 in
882 284 1124 322 Martianum
1151 283 1353 331 Capellam
1384 283 1642 331 compositum

160 349 370 389 Albericus
418 348 619 397 adhibuit,
657 351 701 387 ut
746 348 825 387 iam
871 348 1061 397 diximus,
1105 347 1280 396 Remigii
1318 347 1643 386 commentarium

161 415 202 453 in
230 413 557 461 Prudentium,
602 424 714 460 quem
748 412 900 461 publici
934 412 1034 451 iuris
1072 412 1184 451 fecit:
1226 412 1265 451 J.
1299 412 1493 450 Burnam:
1539 423 1642 451 com-

160 478 354 517 mentaire
392 488 586 527 anonyme
624 489 692 516 sur
725 477 930 516 Prudence
965 477 1121 526 d’apres
1159 476 1195 515 le
1230 476 1449 515 manuscrit
1477 477 1554 515 413
1594 477 1641 515 de

160 541 452 583 Valenciennes
485 541 602 580 Paris
641 541 753 580 1910.
827 541 970 580 Editor
1005 541 1046 579 in
1081 541 1208 590 praef.
1239 544 1400 589 praeter
1435 541 1518 579 alia
1546 541 1643 580 haec

165 606 347 645 adnotat:

276 670 391 718 ,Tout
412 681 471 718 en.
488 671 696 709 reservant
723 681 798 708 une
828 668 1048 709 discussion
1070 668 1256 708 detaillee
1280 670 1331 707 du
1359 669 1578 709 manuscrit
1606 673 1646 708 et

162 735 208 773 de
237 745 299 773 ses
328 733 639 782 particularites,
675 737 815 772 notons
854 745 928 781 que
962 744 1006 771 ce
1041 733 1143 772 livre
1181 745 1205 771 a
1241 734 1303 771 ete
1338 733 1451 782 copie
1488 745 1557 772 sur
1591 746 1643 772 un

163 799 378 846 archetype
413 810 460 835 en
490 798 748 836 demionciale
777 798 1160 836 Hiberno-Saxonne
1190 810 1239 836 ou
1267 798 1459 837 insulaire
1489 810 1565 846 par
1591 811 1643 836 un

163 861 293 901 scribe
327 861 638 900 Bas-Allemand
674 872 723 900 ou
751 861 1031 910 Neerlandais,
1068 864 1107 900 et
1141 872 1215 909 que
1250 861 1498 911 l’ouvrage
1541 862 1644 901 doit

164 928 267 964 etre
297 926 514 963 attribue
543 927 568 963 a
596 926 727 964 Remi
756 926 1051 964 d'Auxerre‘.

270 1011 354 1050 Hos
391 1011 561 1058 quinque
596 1014 777 1050 auctores
805 1010 1016 1050 Albericus
1050 1010 1091 1049 in
1128 1014 1293 1059 utroque
1321 1022 1440 1060 opere
1468 1012 1642 1051 conscri-

162 1077 288 1114 bendo
318 1075 360 1113 in
389 1087 501 1113 suum
529 1087 641 1114 usum
671 1075 879 1114 convertit.

269 1150 383 1188 Nunc
420 1150 471 1188 ad
509 1150 665 1188 fontes
698 1149 1027 1197 secundarios,

163 1214 305 1262 quibus
339 1215 607 1253 tantummodo
650 1214 765 1262 quasi
806 1214 848 1252 in
891 1214 1063 1253 transitu
1106 1225 1199 1253 usus
1235 1217 1311 1263 est,
1356 1215 1641 1254 enumerandos

162 1278 388 1317 transimus.
446 1278 501 1316 Hi
529 1282 636 1317 sunt:

269 1343 321 1392 A)
351 1342 553 1382 Ciceronis
590 1343 637 1381 de
675 1346 819 1381 natura
854 1343 1013 1381 deorum
1049 1342 1143 1380 libri
1158 1342 1207 1391 1),
1252 1354 1272 1380 e
1303 1342 1445 1389 quibus
1487 1343 1640 1392 mytho—

161 1406 336 1454 graphus
365 1406 466 1444 nihil
486 1406 564 1445 nisi
583 1406 933 1454 interpretationes
954 1406 1153 1444 nominum
1174 1406 1420 1454 singulorum
1440 1407 1641 1444 numinum

161 1474 361 1509 mutuatus
390 1475 460 1510 est.

268 1534 318 1584 B)
347 1534 502 1584 Hygini
531 1533 864 1584 Astronomica2).

269 1599 313 1650 C)
341 1600 523 1638 Platonis
569 1600 753 1638 Timaeus
798 1599 1020 1647 Interprete
1073 1598 1277 1638 Chalcidio
1330 1610 1417 1638 cum
1465 1599 1639 1638 eiusdem

162 1665 443 1702 commentario
457 1663 499 1714 ³).

269 1728 321 1779 D)
351 1727 524 1779 Rufini4)
554 1727 724 1767 historia
751 1727 1029 1767 monachorum
1048 1727 1111 1767 vel
1141 1727 1177 1765 h.
1200 1726 1404 1766 eremitica
1423 1727 1487 1766 vel
1517 1727 1638 1776 ,vitae

160 1794 344 1840 patrum‘,
393 1793 512 1840 vulgo
558 1794 630 1831 sub
678 1792 958 1841 Hieronymi
1006 1792 1161 1830 nomine
1208 1792 1349 1830 editae.
1427 1792 1637 1830 Albericus

162 1867 314 1904 quoque
343 1856 591 1906 Hieronymi,
621 1868 699 1895 non
726 1855 859 1895 Rufini
888 1867 1029 1895 nomen
1057 1855 1244 1905 appellat.

267 1920 319 1970 Ε)
348 1920 496 1959 Isidori
525 1920 855 1970 etymologiarum
884 1920 969 1959 sive
999 1920 1208 1968 Originum
1236 1920 1262 1958 l.
1284 1919 1418 1970 XX5).

267 1984 444 2024 Isidorus
473 1996 560 2024 cum
588 1984 720 2025 Servii
748 1984 1050 2024 commentarios
1085 1996 1163 2023 non
1198 1984 1450 2023 mediocriter
1484 1983 1636 2033 expila-

159 2048 231 2097 rit,
268 2060 548 2097 saepenumero
583 2060 669 2087 cum
703 2048 891 2087 Alberico
920 2049 1119 2097 congruit;
1151 2049 1219 2087 sed
1253 2049 1316 2087 his
1350 2049 1465 2096 locis,
1496 2048 1637 2095 quibus

161 2119 294 2152 omnes
322 2117 403 2152 tres
432 2113 680 2162 conspirant,
711 2113 1060 2163 mythographum,
1099 2113 1166 2160 qui
1196 2113 1377 2153 Servium
1406 2112 1639 2161 saepissime

161 2180 449 2226 commemorat,
488 2176 684 2216 Isidorum
720 2176 839 2225 plane
876 2176 1036 2216 silentio
1073 2177 1279 2226 praeterit,
1318 2188 1396 2215 non
1424 2177 1537 2225 hunc,
1567 2177 1637 2215 sed

271 2294 292 2334 ¹)
317 2294 358 2327 M.
384 2294 474 2326 Tulli
505 2294 687 2326 Ciceronis:
719 2293 895 2325 Paradoxa
926 2294 1121 2326 Stoicorum.
1166 2294 1436 2326 Academicorum
1467 2293 1637 2332 Reliquiae

160 2347 242 2380 Cum
265 2348 412 2380 Lucullo.
458 2348 622 2380 Timaeus.
668 2348 716 2380 De
739 2348 869 2380 Natura
893 2348 1046 2381 Deorum.
1092 2348 1141 2380 De
1158 2348 1382 2380 Divinatione.
1416 2349 1463 2380 De
1486 2348 1569 2380 Fato
1587 2348 1635 2379 ed.

160 2401 196 2434 Ο.
214 2401 376 2443 Plasberg
399 2402 492 2434 Fasc.
510 2402 545 2433 II
568 2402 621 2443 (de
643 2405 713 2434 nat.
738 2402 781 2443 d.)
807 2402 894 2442 Lips.
913 2402 1007 2434 1911.

269 2455 292 2497 ²)
316 2455 376 2488 Ed.
400 2455 437 2489 B.
454 2456 565 2488 Bunte
588 2456 721 2497 Lipsiae
745 2455 836 2489 1875.

268 2510 293 2551 ⁸)
317 2510 378 2543 Ed.
402 2510 449 2544 10.
466 2511 601 2543 Wrobel
625 2511 757 2551 Lipsiae
781 2510 874 2543 1876.

268 2564 293 2605 ⁴)
318 2564 426 2604 Opera
449 2564 497 2596 ed.
524 2565 615 2597 Dom.
641 2564 789 2597 Vallarsi
811 2564 936 2596 Tom.1
960 2564 1112 2597 Veronae
1137 2565 1230 2596 1745.

315 2618 364 2651 ed.
388 2621 489 2659 repet.
514 2628 564 2659 ap.
588 2618 700 2660 Migne
723 2618 849 2651 Patrol.
874 2618 947 2651 Lat.
973 2627 1058 2652 curs.
1083 2622 1161 2651 tom.
1180 2618 1260 2651 XXI
1285 2619 1381 2651 Paris
1406 2617 1496 2650 1849.

267 2671 292 2713 ⁶)
316 2672 376 2706 Ed.
404 2673 454 2707 W.
471 2672 515 2707 M.
532 2672 679 2714 Lindsay
702 2672 822 2705 Oxonii
847 2673 938 2705 1912.
