1967 3102
949 186 974 223 8

218 313 330 353 illum
359 313 472 362 sequi
501 313 835 353 verisimillimum
865 326 950 353 esse
980 326 1093 355 nemo
1122 315 1296 365 negabit.
1360 315 1459 354 Rari
1487 316 1566 354 loci
1596 320 1699 365 sunt,

217 378 360 426 quibus
399 377 609 417 Albericus
647 389 734 417 cum
770 378 926 417 Isidoro
965 379 1049 418 solo
1085 379 1319 420 consentiat.
1377 379 1454 429 Qui
1496 391 1584 418 cum
1621 392 1700 420 non

216 443 338 481 verbo
368 445 483 480 tenus
513 441 707 490 exscripti
726 442 819 490 sint,
849 443 919 481 sed
946 444 1217 482 tantummodo
1246 443 1347 482 satis
1375 454 1560 491 magnam
1589 443 1700 481 simi-

219 505 427 544 litudinem
464 507 695 555 praebeant,
731 509 862 545 utrum
899 507 1214 556 mythographus
1253 507 1450 546 Isidorum
1488 519 1539 546 an
1575 507 1698 546 alium

215 568 366 609 fontem
403 570 455 609 ad
494 570 568 609 hoc
606 574 760 619 tempus
797 570 987 610 latentem
1017 572 1068 610 ad
1097 583 1235 612 manus
1272 571 1467 620 habuerit,
1505 571 1620 610 nobis
1658 571 1698 610 in

220 634 348 673 medio
379 638 439 674 est
466 634 776 683 relinquendum.

325 710 375 761 F)
406 710 561 749 scholia
588 710 774 750 Statiana
788 710 829 761 ¹).

327 774 379 826 G)
409 775 563 815 scholia
591 775 818 815 Horatiana
830 774 871 827 2).

324 840 535 879 Albericus
572 852 616 879 eo
657 840 895 879 scholiorum
933 852 1099 889 corpore
1135 841 1294 880 videtur
1328 852 1420 880 usus
1456 852 1559 890 esse,
1596 841 1699 888 quod

216 905 337 944 Pseu
349 904 604 944 doacronis
634 916 778 944 vocare
808 904 1094 944 consuevimus.

325 968 379 1019 H)
409 969 563 1008 scholia
591 968 784 1008 Persiana
796 967 837 1020 ³).

342 1033 378 1083 I)
408 1033 562 1072 scholia
590 1032 796 1083 Lucani4).

326 1097 517 1147 Quamvis
537 1097 743 1146 congeries
764 1097 1003 1137 scholiorum
1024 1109 1049 1136 a
1077 1098 1122 1136 F.
1145 1098 1292 1138 Weber
1325 1098 1473 1137 collata
1502 1098 1606 1138 varii
1636 1110 1699 1136 or-

217 1161 322 1200 dinis
351 1161 405 1200 sit
434 1164 473 1200 et
502 1161 637 1200 multis
666 1161 819 1200 mendis
848 1165 1012 1209 scateat,
1049 1165 1182 1200 tamen
1214 1162 1347 1201 facere
1381 1174 1458 1200 non
1493 1173 1699 1210 possumus

217 1226 312 1274 quin
341 1226 438 1265 haec
468 1225 621 1265 scholia
650 1225 919 1275 adhibeamus,
950 1238 1037 1265 cum
1066 1225 1108 1264 in
1137 1225 1189 1265 iis
1224 1226 1289 1265 hic
1318 1226 1383 1266 vel
1412 1226 1496 1265 illic
1527 1226 1699 1265 frustula

217 1293 256 1329 et
284 1290 460 1339 vestigia
488 1291 616 1329 bonae
646 1293 764 1338 atque
792 1302 910 1329 rarae
939 1290 1170 1339 memoriae,
1208 1302 1308 1338 quae
1343 1291 1384 1329 in
1412 1290 1699 1330 recentioribus

218 1354 461 1394 editionibus
491 1367 512 1394 e
541 1354 713 1395 diversis
742 1355 818 1394 etsi
839 1355 999 1404 optimis
1029 1354 1232 1394 codicibus
1252 1355 1390 1404 petitis
1410 1355 1698 1404 desiderantur,

218 1431 304 1459 esse
334 1423 570 1460 conservata
599 1419 839 1459 conferendo
869 1420 1182 1469 cognoverimus.

325 1494 375 1546 L)
406 1495 553 1535 Poetae
596 1495 635 1546 a)
664 1495 870 1545 Vergilius
900 1495 1031 1546 (Aen.)

594 1559 635 1610 b)
664 1560 858 1598 Horatius
887 1559 1040 1610 (carm.)

601 1623 638 1675 c)
668 1623 837 1663 Ovidius
867 1623 976 1674 (fast.
1008 1627 1047 1662 et
1075 1623 1251 1673 metam.)

596 1687 635 1738 d)
665 1687 851 1726 Lucanus

596 1752 631 1803 e)
662 1752 815 1792 Statius
845 1751 1000 1803 (Theb.)

606 1817 638 1867 f)
667 1817 871 1856 Iuvenalis
886 1816 928 1867 ⁵).

325 1881 382 1933 M)
411 1881 728 1932 Mythographus
757 1881 976 1922 Vaticanus
1005 1881 1036 1920 I.
1477 1931 1480 1934 ⁴

324 1946 523 1986 Nimirum
563 1946 723 1994 saepius
759 1945 838 1984 loci
873 1946 991 1995 plane
1029 1949 1291 1995 congruentes
1321 1945 1385 1985 vel
1413 1945 1564 1984 similes
1592 1945 1701 1984 inve-

216 2011 391 2060 niuntur,
436 2011 506 2050 sed
550 2010 777 2049 Albericum
824 2022 901 2049 non
944 2010 1276 2060 mythographum
1319 2010 1365 2049 V.
1395 2009 1414 2047 I
1449 2010 1596 2058 adisse,
1632 2010 1701 2049 sed

219 2076 350 2114 fontes
380 2075 464 2113 eius
495 2075 586 2113 inde
612 2078 791 2122 apparet,
823 2075 925 2121 quod
954 2086 1032 2113 non
1051 2085 1143 2112 raro
1164 2074 1236 2112 hos
1257 2073 1484 2121 scriptores,
1515 2085 1610 2120 quos
1630 2073 1700 2111 ille

329 2182 351 2222 ι)
377 2181 548 2213 Lactantii
572 2180 701 2212 Placidi
716 2181 773 2219 qui
796 2180 918 2212 dicitur
942 2190 1055 2212 comm.
1080 2181 1114 2212 in
1138 2180 1240 2212 Statii
1263 2179 1363 2211 Theb.
1387 2182 1421 2210 et
1444 2189 1557 2212 comm.
1582 2181 1602 2211 i.
1620 2179 1699 2212 Ach.

218 2246 281 2268 rec.
306 2236 345 2267 R.
363 2235 490 2267 Iahnke
515 2235 646 2274 Lipsiae
672 2234 763 2266 1898.

326 2290 349 2332 ²)
374 2289 639 2322 Pseudoacronis
672 2288 796 2320 scholia
825 2290 857 2320 in
887 2289 966 2321 Hor.
997 2290 1186 2321 vetustiora
1215 2297 1278 2320 rec.
1310 2287 1347 2320 O.
1371 2288 1483 2320 Keller
1505 2288 1531 2329 Ι,
1555 2288 1589 2320 ΙΙ
1625 2288 1699 2329 Lip-

217 2346 286 2376 siae
312 2344 404 2376 1902.

325 2398 349 2440 ⁸)
375 2398 454 2430 Auli
478 2397 586 2429 Persii
609 2396 721 2428 Flacci
744 2396 928 2429 Satirarum
953 2397 1035 2429 liber
1059 2406 1133 2429 cum
1157 2395 1291 2428 scholiis
1314 2396 1459 2435 antiquis
1483 2396 1531 2428 ed.
1556 2396 1592 2429 O.
1616 2396 1698 2428 Iahn

223 2453 356 2492 Lipsiae
381 2452 475 2484 1843.

325 2507 349 2547 ⁴)
376 2506 503 2538 Lucani
538 2504 713 2537 Pharsalia
748 2505 809 2537 vol.
838 2504 889 2536 III
928 2506 1102 2537 continens
1138 2503 1337 2537 scholiastas
1372 2503 1421 2537 ed.
1456 2504 1488 2535 C.
1515 2504 1551 2537 F.
1581 2504 1701 2536 Weber

217 2561 349 2600 Lipsiae
374 2559 467 2592 1831.

325 2614 350 2654 ⁶)
376 2613 508 2645 Scholia
532 2613 573 2644 ad
597 2612 766 2644 Iuvenalis
790 2614 914 2645 satiras
931 2613 1085 2645 confecta
1099 2612 1345 2654 perlustrantes
1369 2611 1496 2643 nullum
1520 2611 1626 2644 locum
1649 2612 1703 2644 de-

215 2669 370 2707 teximus,
397 2668 454 2707 qui
470 2670 540 2699 tam
564 2667 728 2708 insignem
753 2666 893 2699 alicuius
917 2667 1061 2699 Alberici
1083 2667 1148 2699 loci
1171 2666 1421 2700 similitudinem
1445 2676 1523 2706 prae
1546 2675 1580 2698 se
1604 2667 1702 2707 ferat,

216 2725 255 2754 ut
280 2721 557 2764 mythographum
581 2721 640 2753 hos
664 2722 917 2754 commentarios
941 2721 982 2753 ad
1006 2730 1124 2754 manus
1147 2721 1302 2754 habuisse
1326 2720 1439 2762 colligi
1461 2720 1577 2761 possit.
