1967 3102
208 277 326 326 Fulg.
356 276 426 315 lib.
448 276 468 314 I
498 275 580 316 fab.
610 275 667 317 IV
696 275 779 315 fab.
808 275 985 325 Neptuni

627 341 663 381 V
692 339 773 381 fab.
804 341 852 379 de
879 341 1047 380 Plutone

1141 287 1199 314 Ν
1267 276 1301 315 V
1331 275 1536 324 Neptunus

1142 351 1200 378 cx>
1245 340 1301 380 VI
1329 340 1446 379 Pluto

604 405 661 446 VI
692 404 773 444 fab.
804 405 852 444 de
881 404 1051 445 Cerbero

586 468 665 510 VII
695 469 776 509 fab.
807 469 855 508 de
882 469 1019 508 Furiis

564 533 665 573 VIII
693 532 776 573 fab.
806 534 854 573 de
882 533 998 573 Fatis

605 598 667 637 IX
697 598 778 638 fab.
809 599 857 637 de
885 598 1036 648 Arpyis

628 662 668 701 X
697 663 778 702 fab.
800 663 848 701 de
867 662 1109 711 Proserpina
1136 674 1194 700 Ν
1221 662 1300 702 VII
1328 661 1570 711 Proserpina

602 727 664 766 XI
694 727 773 766 fab.
805 727 961 767 Cereris

579 791 662 830 XII
692 790 772 830 fab.
803 791 1005 839 Apollinis

1145 802 1203 828 cx)
1230 790 1330 831 VIII
1360 790 1503 839 Apollo

556 855 661 894 XIII
691 855 771 895 fab.
802 855 850 894 de
879 855 1007 895 Corvo

563 920 659 958 XIV
691 920 772 958 fab.
803 920 850 958 de
879 920 1012 958 Lauro

580 983 656 1024 XV
687 983 767 1022 fab.
799 984 846 1022 de
874 984 936 1022 IX
963 983 1089 1022 Musis

566 1048 664 1089 XVI
694 1048 774 1088 fab.
805 1048 1038 1087 Phaetontis

539 1113 659 1153 XVII
688 1112 768 1152 fab.
800 1114 847 1152 de
875 1113 993 1162 trip0‚
1024 1113 1149 1162 sagit-

738 1177 792 1217 tis
822 1181 862 1217 et
888 1178 1058 1217 Pithone

506 1242 646 1283 XVIII
676 1242 758 1281 fab.
789 1242 978 1281 Mercurii

1134 1254 1192 1280 ω
1220 1242 1280 1280 IX
1309 1241 1540 1280 Mercurius.

260 1371 310 1420 B)
339 1370 470 1410 Servii
498 1370 541 1409 in
562 1371 678 1420 Verg.
700 1371 877 1410 earmina
889 1371 915 1421 ¹)
945 1370 1247 1410 commentarios
1277 1382 1354 1409 non
1383 1369 1629 1418 Danielinos,

152 1435 222 1473 sed
250 1435 442 1484 genuinos
470 1435 722 1484 grammatici
749 1447 852 1474 saec.
883 1436 939 1475 IV
953 1435 995 1485 ²).

262 1574 285 1614 ¹)
310 1574 384 1605 Rec.
409 1575 447 1606 G.
465 1574 560 1606 Thilo
585 1578 618 1606 et
634 1575 673 1607 H.
691 1575 809 1615 Hagen
836 1575 964 1614 Lipsiae
989 1574 1070 1605 1881
1085 1584 1130 1612 sq.

259 1627 282 1668 ²)
308 1626 412 1668 Quam
425 1629 609 1669 opinionem
621 1631 660 1661 ut
670 1628 880 1668 aliquatenus
893 1628 1081 1668 fulciamus,
1099 1627 1163 1660 duo
1181 1626 1328 1668 exempla
1344 1626 1396 1659 hic
1411 1626 1626 1668 proferamus.

152 1681 243 1720 Quae
268 1682 462 1714 Danielinus
486 1683 617 1714 Servius
641 1683 780 1722 addidit,
803 1684 897 1714 uncis
921 1682 958 1723 ()
983 1682 1117 1713 inclusi:

178 1745 265 1777 Serv.
284 1746 321 1778 A.
339 1745 423 1777 VIII
445 1746 508 1778 319
531 1746 572 1787 (p.
591 1747 663 1786 245,
687 1747 825 1783 15-19)

149 1798 201 1830 hic
225 1798 413 1840 [Saturnus]
437 1799 572 1841 fugiens
595 1800 636 1831 ab
653 1799 734 1831 Iano
751 1799 852 1840 (rege,

149 1854 206 1891 qui
229 1853 341 1884 urbem
365 1852 492 1892 habuit,
522 1853 578 1884 ubi
605 1862 693 1884 nuno
722 1853 852 1884 Ianicu-

149 1904 241 1945 lum‚)
266 1908 318 1937 est
341 1908 529 1946 susceptus,
553 1907 609 1945 qui
631 1906 795 1947 regnabat
818 1906 852 1937 in

147 1958 260 1991 Italia.
284 1969 377 1999 quem
392 1969 476 1992 ·cum
498 1960 665 1993 docuisset
688 1970 784 1993 usum
805 1961 852 1992 vi-

150 2021 286 2044 nearum
324 2016 358 2045 et
395 2013 494 2045 falcis
540 2014 587 2055 (et
629 2013 855 2045 humaniorem

153 2066 302 2107 victum‚)
326 2067 361 2098 in
382 2069 510 2107 partem
535 2070 587 2100 est
609 2067 773 2099 admissus
796 2068 855 2099 im-

148 2121 290 2160 perii'et
312 2120 376 2153 sibi
399 2120 552 2161 oppidum
575 2121 658 2153 fecit
681 2122 754 2163 (sub
771 2122 854 2154 clivo

150 2172 349 2214 Capitolino,
381 2174 438 2207 ubi
468 2184 556 2207 nunc
587 2176 658 2207 eius
687 2175 784 2208 aedes
807 2177 855 2207 vi-

150 2226 270 2268 detur).

171 2290 260 2324 Serv.
277 2292 314 2325 A.
332 2292 381 2326 VI
404 2292 466 2325 287
490 2293 533 2335 (p.
549 2294 601 2333 50,
625 2293 762 2334 25—51,
779 2293 832 2335 12)

150 2344 197 2376 Ac
218 2345 317 2377 belua
340 2346 466 2378 Lernae
488 2346 626 2387 hydram
650 2347 742 2388 dicit,
773 2347 853 2388 (ser-

147 2400 280 2438 pentem
301 2400 445 2433 inmanis
475 2400 740 2442 magnitudinis‚)
769 2410 853 2441 quae

149 2450 218 2483 fuit
240 2453 274 2483 in
297 2452 405 2485 Lerna
420 2454 620 2495 Argivorum
635 2454 773 2495 palude;
797 2454 853 2486 sed

149 2502 254 2536 latine
269 2508 405 2538 excetra
420 2506 553 2548 dicitur,
575 2507 661 2546 quod
677 2517 742 2540 uno
759 2517 853 2540 caeso

148 2556 216 2588 tria
238 2559 350 2599 capita
372 2560 615 2594 excrescebant.
648 2560 733 2602 (cum
757 2570 854 2602 saepe

148 2613 325 2649 amputata
368 2613 604 2655 triplarentur,
642 2614 774 2647 admoto
812 2615 853 2648 ab

148 2660 289 2696 Hercule
304 2666 455 2699 incendio
471 2671 667 2709 consumpta
684 2671 853 2710 narratur,

919 1746 961 1777 M.
979 1746 1016 1778 V.
1035 1746 1162 1785 1111,·2
1180 1745 1221 1786 (p.
1243 1745 1312 1785 153,
1326 1745 1453 1777 26—29
1470 1745 1517 1776 ed.
1531 1745 1624 1785 Bod.)

919 1799 1059 1840 fugatus
1072 1799 1237 1831 Saturnus
1250 1798 1386 1830 Italiam
1402 1800 1502 1839 petiit
1517 1799 1626 1838 ibique

1110 1863 1131 1884 a
1153 1853 1244 1892 Iano,
1268 1854 1325 1891 qui
1347 1855 1428 1884 tunc
1450 1853 1626 1893 regnabat,

918 1909 1086 1947 receptus,
1117 1915 1213 1945 quem
1236 1915 1309 1937 cum
1333 1915 1428 1937 usum
1454 1907 1626 1937 vinearum

919 1963 954 1993 et
976 1960 1077 1993 falcis
1101 1960 1278 2001 docuisset,

963 2068 997 2099 in
1021 2070 1150 2108 partem
1173 2071 1224 2100 est
1248 2067 1412 2099 admissus
1431 2068 1560 2107 imperii
1583 2068 1625 2099 si—

920 2121 1017 2160 bique
1041 2121 1195 2161 oppidum
1218 2121 1309 2153 fecit.

920 2292 963 2325 M.
974 2292 1013 2324 V.
1025 2291 1077 2324 III
1092 2293 1141 2332 13,
1152 2293 1171 2324 4
1187 2293 1230 2333 (p.
1240 2292 1313 2332 248,
1324 2292 1453 2325 20-29
1466 2292 1514 2325 ed.
1531 2292 1624 2333 Bod.)

920 2347 999 2379 Fuit
1015 2350 1127 2378 autem
1147 2346 1253 2386 hydra
1277 2346 1455 2379 secundum
1478 2346 1624 2378 fabulam

1247 2409 1381 2441 serpens
1404 2401 1438 2431 in
1463 2399 1581 2440 Lerna,

920 2455 1118 2496 Argivorum
1141 2454 1271 2494 palude,
1295 2454 1347 2485 cui
1363 2463 1429 2485 uno
1453 2463 1547 2485 caeso
1572 2463 1623 2485 ca-

918 2509 987 2548 pite
1010 2509 1078 2539 tria
1102 2507 1214 2547 capita
1237 2507 1480 2539 excrescebant.
1533 2507 1626 2538 Unde

920 2564 954 2593 et
976 2564 1111 2593 excetra
1134 2571 1154 2592 a
1178 2561 1309 2592 Latinis
1333 2560 1423 2592 dicta
1446 2563 1506 2592 est.

1457 2711 1493 2740 1*
