1967 3102
1019 175 1043 212 4

396 305 443 357 C)
473 304 670 345 Macrobii
684 303 713 355 ¹)
743 303 782 354 a)
812 303 1181 343 commentariorum
1211 303 1253 342 in
1281 303 1361 343 Cic.
1389 303 1518 343 Somn.
1547 304 1652 353 Scip.
1682 304 1707 343 1.
1729 303 1772 343 II

740 367 780 419 b)
810 367 1128 408 Saturnaliorum
1155 367 1181 406 l.
1202 367 1292 408 VII.

396 433 450 485 D)
480 433 673 473 Martiani
683 432 870 481 Capellae
880 432 928 471 de
942 432 1094 481 nuptiis
1104 431 1356 481 Philologiae
1366 435 1406 471 et
1415 431 1604 471 Mercurii
1619 432 1645 471 1.
1656 432 1718 471 IX
1727 431 1769 482 ²).

397 499 448 548 E)
478 497 653 546 Remigii
682 495 721 547 a)
752 496 1056 535 commentarios
1085 496 1128 534 in
1155 496 1273 535 Mart.
1303 495 1397 545 Cap.

682 560 723 613 b)
752 560 1077 601 commentarium
1106 560 1148 600 in
1175 559 1433 601 Prudentium

684 625 722 677 c)
752 625 1027 665 enarrationes
1056 625 1098 664 in
1126 625 1318 665 Psalmos.

398 703 458 741 De
486 702 560 741 hoc
591 702 725 740 facere
754 713 833 740 non
861 712 1068 750 possumus
1098 701 1194 749 quin
1222 702 1341 750 paulo
1365 701 1564 751 copiosius
1592 712 1768 751 agamus.

290 766 496 816 Remigius
511 765 541 817 ³)
579 766 635 806 St.
668 765 856 806 Germani
885 765 1164 805 Antessioduri
1200 766 1426 816 monachus,
1465 778 1578 815 quem
1609 765 1771 806 circiter

292 844 327 871 a.
340 831 553 871 841-908
573 830 712 879 p.Chr.
731 843 767 869 n.
799 830 924 870 fuisse
953 834 1121 879 constat,
1151 832 1201 870 ab
1233 831 1384 880 Eirico,
1412 831 1499 870 viro
1529 831 1770 879 doctissimo,

289 895 438 935 litteris
468 895 643 934 imbutus
673 898 713 934 et
740 898 831 943 post
851 895 936 934 eius
957 894 1107 934 obitum
1128 894 1321 944 magister
1340 899 1527 935 evocatus
1546 895 1771 935 liberalium

288 960 434 1000 artium
463 959 607 1000 studiis
636 960 909 999 adulescentes
940 960 1117 999 exercuit
1145 959 1309 1009 ipseque
1338 972 1425 1000 cum
1453 960 1505 1000 iis
1532 961 1695 1000 lectioni
1723 972 1771 1000 ac

288 1025 539 1064 meditationi
577 1024 800 1073 sapientiae
838 1036 999 1072 operam
1036 1024 1156 1063 dedit.
1224 1025 1280 1064 Ut
1316 1029 1552 1074 praeceptor
1586 1024 1770 1074 egregius

288 1089 505 1139 discipulos
543 1089 711 1129 clericos
748 1089 1005 1128 instituturus
1043 1101 1122 1128 non
1159 1101 1307 1138 paucos
1345 1089 1561 1139 scriptores
1598 1090 1769 1129 omnium

288 1154 536 1192 saeculorum
564 1153 714 1192 latinos
743 1153 1039 1192 commentariis
1068 1153 1282 1192 uberrimis
1311 1154 1504 1192 instruxit
1523 1158 1563 1193 et
1581 1154 1770 1203 explana-

289 1218 360 1258 vit.
436 1218 730 1257 Commentatus
778 1222 838 1257 est
883 1221 1044 1266 praeter
1090 1218 1193 1257 alios
1240 1219 1460 1268 Donatum,
1507 1218 1769 1267 Priscianum,

290 1283 477 1331 Phocam,
507 1282 728 1332 Eutychem
758 1282 1060 1331 grammatic0s;
1091 1283 1225 1322 Bedae
1255 1294 1353 1331 opus
1383 1284 1443 1332 ,de
1467 1283 1633 1322 metrica
1658 1284 1770 1332 arte‘,

291 1347 534 1395 Terentium,
583 1347 748 1385 Catonis
798 1347 981 1395 disticha,
1030 1347 1224 1395 Persium,
1268 1347 1508 1397 Iuvenalem,
1557 1347 1769 1397 Sedulium,

291 1412 583 1451 Martianum
626 1412 886 1460 Capellam,
931 1424 1031 1460 quae
1071 1424 1193 1461 opera
1235 1413 1337 1460 quod
1380 1412 1527 1461 partim
1564 1412 1771 1461 deperdita

290 1476 439 1525 partim
495 1477 665 1516 nondum
718 1488 738 1515 e
793 1477 968 1515 tenebris
1020 1480 1226 1526 protracta
1279 1480 1372 1516 sunt
1419 1488 1537 1526 aegre
1593 1476 1769 1516 ferimus.

291 1542 368 1580 Sed
408 1553 487 1580 non
521 1542 635 1581 modo
672 1542 854 1590 profanis
895 1543 963 1580 sed
998 1542 1118 1581 etiam
1152 1542 1279 1581 sacris
1314 1542 1476 1591 scriptis
1511 1542 1771 1590 explanandis

289 1606 497 1654 Remigius
531 1617 690 1654 operam
720 1606 942 1654 impertivit
970 1606 1244 1654 conscribens,
1283 1609 1326 1644 ut
1361 1606 1443 1644 alia
1471 1606 1661 1654 omittam,
1692 1617 1772 1654 ,ex-
1826 1656 1828 1659 ι

291 1734 386 1765 cuius
423 1733 501 1764 felle
539 1733 699 1765 Hercules
738 1734 884 1774 sagittas
923 1742 1000 1765 suas

290 1787 432 1819 tinxisse
449 1786 596 1827 dicitur.)
626 1787 681 1819 sed
706 1790 840 1819 constat
862 1787 1000 1827 hydram

289 1840 398 1871 locum
422 1840 528 1871 fuisse
557 1844 762 1871 evomentem
791 1850 894 1879 aquas
925 1850 999 1872 vas-

291 1897 404 1926 tantes
428 1895 572 1926 vicinam
596 1893 778 1934 civitatem,
802 1895 836 1926 in
854 1904 917 1933 quo
934 1904 998 1926 uno

291 1952 403 1979 meatu
419 1949 534 1979 clauso
551 1948 648 1979 multi
665 1948 895 1987 erumpebant:
913 1949 998 1987 quod

1110 1787 1170 1819 Sed
1194 1790 1329 1819 constat
1358 1786 1504 1826 Hydram
1533 1786 1639 1819 locum
1667 1786 1773 1819 fuisse

1066 1844 1270 1872 evomentem
1305 1850 1408 1879 aquas
1435 1840 1576 1871 vicinam
1599 1843 1773 1872 vastantes

1065 1896 1246 1934 civitatem,
1277 1896 1311 1927 in
1344 1904 1408 1934 quo
1432 1903 1497 1926 uno
1520 1897 1633 1926 meatu
1660 1894 1771 1926 clauso

1064 1949 1163 1980 multi
1200 1949 1425 1988 erumpebant.
1484 1948 1576 1986 Quod
1614 1948 1772 1979 Hercules

292 2001 452 2033 Hercules
476 2001 591 2032 videns
622 2001 695 2031 loca
723 2002 795 2040 ipsa
819 2003 946 2032 exussit
969 2004 1002 2032 et

292 2056 339 2087 sic
363 2064 468 2094 aquae
492 2054 615 2086 clausit
637 2057 782 2094 meatus;
807 2064 881 2086 nam
898 2054 1003 2095 hydra

294 2109 335 2139 ab
352 2118 438 2147 aqua
455 2108 546 2139 dicta
563 2111 623 2139 est,
650 2110 797 2147 potuisse
814 2111 925 2139 autem
940 2109 1002 2140 hoc

291 2161 363 2192 fieri
379 2161 436 2192 ille
453 2161 581 2192 indicat
597 2161 699 2200 locus,
723 2161 779 2192 ubi
796 2161 877 2193 dicit
894 2161 1001 2202 (omne

291 2224 349 2255 per
372 2214 495 2256 ignem)
526 2215 722 2253 excoquitur
751 2215 869 2246 vitium
902 2218 1001 2255 atque

292 2268 417 2300 exudat
439 2268 572 2299 inutilis
602 2277 704 2300 umor.
736 2268 783 2308 (et
814 2272 925 2300 utrum
948 2269 1002 2300 hic

292 2321 465 2353 distinctio
494 2321 592 2361 plena
625 2321 680 2361 sit,
715 2330 758 2353 an
792 2320 1001 2354 ‘horrendum

290 2374 445 2407 stridens'
470 2375 685 2406 inferioribus
707 2375 910 2416 iungendum
934 2377 1001 2408 sit?

293 2428 434 2460 stridere
458 2429 545 2460 enim
568 2428 651 2460 bene
674 2428 865 2460 Chimaerae
892 2429 1002 2470 datur,

292 2492 376 2521 quae
400 2485 433 2514 et
458 2485 628 2522 serpentes
651 2482 752 2515 habet
773 2485 808 2515 et
830 2483 1002 2524 flammas.)

1068 2002 1183 2034 videns
1205 2002 1278 2033 loca
1299 2001 1406 2033 multa
1427 2002 1462 2032 in
1484 2002 1625 2032 circuitu
1645 2002 1773 2032 exussit

1068 2059 1102 2088 et
1134 2057 1181 2088 sic
1213 2065 1318 2095 aquae
1349 2055 1472 2087 clausit
1500 2057 1639 2088 meatus.
1691 2054 1773 2086 Nam

1068 2110 1184 2149 Hydra
1216 2109 1257 2140 ab
1289 2107 1391 2150 ὕδωρ,
1423 2108 1456 2139 id
1480 2111 1533 2140 est
1555 2117 1659 2147 aqua,
1683 2108 1773 2139 dicta

1067 2166 1127 2195 est.
1154 2163 1309 2194 Potuisse
1325 2166 1436 2193 autem
1451 2160 1511 2192 hoc
1528 2160 1597 2192 fieri
1608 2161 1772 2202 Virgilius

1068 2216 1204 2257 indicat,
1227 2216 1284 2247 ubi
1308 2215 1404 2247 dicit:
1423 2215 1627 2254 Excoquitur
1644 2216 1772 2256 vitium,

1067 2273 1168 2308 atque
1191 2269 1333 2301 exsudat
1355 2269 1485 2300 inutilis
1508 2269 1632 2300 humor.

403 2537 425 2578 ¹)
450 2536 558 2576 Opera
581 2537 701 2568 iterum
725 2545 856 2578 recogn.
881 2538 916 2570 F.
934 2537 1164 2578 Eyssenhardt
1189 2537 1320 2577 Lipsiae
1348 2536 1437 2568 1893.

401 2590 425 2630 ²)
448 2590 525 2622 Rec.
550 2590 586 2622 F.
604 2590 836 2630 Eyssenhardt
859 2591 990 2631 Lipsiae
1016 2592 1107 2625 1866.

399 2644 424 2686 ⁸)
449 2644 498 2677 Cf.
523 2644 701 2685 Manitius,
738 2644 934 2677 Geschichte
957 2646 1014 2677 der
1038 2645 1255 2678 lateinischen
1282 2644 1453 2676 Literatur
1477 2644 1534 2676 des
1557 2644 1774 2677 Mittelalters

290 2708 320 2738 p.
338 2698 520 2731 504—519.
